@misc{qbr1,
  author = {Oliver, Dean},
  title = {{Guide to the {T}otal {Q}uarterback {R}ating}},
  howpublished = "\url{http://www.espn.com/nfl/story/_/id/6833215/explaining-statistics-total-quarterback-rating}",
  year = {2011}
}

@book{bag,
 author = {Kuhn, Max and Johnson, Kjell},
 year = {2013},
 title = {Applied Predictive Modeling},
 publisher = {Springer}
}

@misc{passer,
 title = {{NFL} {Q}uarterback {R}ating {F}ormula},
 howpublished = "\url{http://www.nfl.com/help/quarterbackratingformula}"
}