@misc{qbr1,
  author = {Oliver, Dean},
  title = {{Guide to the {T}otal {Q}uarterback {R}ating}},
  howpublished = "\url{http://www.espn.com/nfl/story/_/id/6833215/explaining-statistics-total-quarterback-rating}",
  year = {2011}
}

@misc{qbr2,
 author = {Kutz, Sharon and Burke, Brian},
 title = {How is {T}otal {QBR} {C}alculated? We explain our quarterback rating},
 howpublished="\url{http://www.espn.com/blog/statsinfo/post/_/id/123701/how-is-total-qbr-calculated-we-explain-our-quarterback-rating}",
 year={2016}
}

@book{lm,
 author = {Faraway, Julian J.},
 year = {2009},
 title = {Linear Models with R},
 publisher = {Taylor and Francis}
}

@book{gam,
 author = {James, Gareth and Witten, Daniela and Hastie, Trevor and Tibshirani, Robert},
 year= {2015},
 title = {An Introduction to Statistical Learning},
 publisher = {Springer}
}

@book{bag,
 author = {Kuhn, Max and Johnson, Kjell},
 year = {2013},
 title = {Applied Predictive Modeling},
 publisher = {Springer}
}

@misc{anat,
 author = {Lillibridge, Marc},
 title = {The {A}natomy of a 53-{M}an {R}oster in the {NFL}},
 howpublished = "\url{http://bleacherreport.com/articles/1640782-the-anatomy-of-a-53-man-roster-in-the-nfl}",
 year = {2013}
}

@misc{passer,
 title = {{NFL} {Q}uarterback {R}ating {F}ormula},
 howpublished = "\url{http://www.nfl.com/help/quarterbackratingformula}"
}

@misc{partspace,
 author = {Shalizi, Cosma},
 title = {Lecture 10: {R}egression {T}rees},
 howpublished = "\url{http://www.stat.cmu.edu/~cshalizi/350-2006/lecture-10.pdf}"
}